@book{Cousteau1963,
abstract = {In The Living Sea Jacques Yves Cousteau describes the rich and exciting progress made in exploring life under water by the numerous scientific expeditions which he has been directing since, in his earlier book, The Silent World, he wrote this classic account of man's first experience on the continent below the sea.},
address = {London},
author = {{Cousteau Jacques} and {Dugan James}},
pages = {1--212},
publisher = {Hamish Hamilton},
title = {{The Living Sea: by Jacques-Yves Cousteau}},
type = {Book},
year = {1963}
}

@book{FrankPaper,
abstract = {Paper on Frank language.},
author = {{Sam Lindley, Conor McBride & Craig McLaughlin}},
title = {{Do be do be do}},
type = {Paper},
year = {2016}
}

@book{Plotkin,
author = {{G. D. Plotkin and J. Power}},
title = {{Notions of computation determine monads}},
type = {Paper},
year = {2002}
}

@book{Plotkin2,
author = {{G. D. Plotkin and J. Power}},
title = {{Algebraic operations and generic effects}},
type = {Paper},
year = {2003}
}

@book{Plotkin3,
author = {{G. D. Plotkin and J. Power}},
title = {{Handlers of algebraic effects}},
type = {Paper},
year = {2009}
}

@book{Plotkin4,
author = {{G. D. Plotkin and M. Pretnar}},
title = {{Handling algebraic effects}},
type = {Paper},
year = {2013}
}

@book{Plotkin5,
author = {{B. C. Pierce and D. N. Turner}},
title = {{Local type inference}},
type = {Paper},
year = {2000}
}

@book{Plotkin6,
author = {{G. D. Plotkin and J. Power}},
title = {{Semantics for algebraic operations}},
type = {Paper},
year = {2001}
}

@book{Plotkin7,
author = {{G. D. Plotkin and J. Power}},
title = {{Adequacy  for  algebraic  effects}},
type = {Paper},
year = {2001}
}

@book{CompilingCorrectly,
author = {{Graham Hutton and Joel J. Wright}},
title = {{Compiling Exceptions Correctly}},
type = {Paper},
year = {2004}
}


@book{LambdaLifting,
author = {{Thomas Jonson}},
title = {{Springer LNCS 201}},
type = {Paper},
year = {1985}
}

@book{Match-bust,
author = {{F.V. McBride}},
title = {{Computer Aided Manipulation of Symbols}},
type = {Paper},
year = {1970}
}

@book{Tree-switching,
author = {{Lennart Augustsson}},
title = {{Functional Programming and Computer Architecture}},
type = {Paper},
year = {1985}
}

@book{MathsProgContruction,
author = {{Dexter Kozen and Carron Shankland}},
title = {{Mathematics of Program Construction}},
type = {Paper},
year = {2004}
}

@book{Chunks1,
author = {{Daniel Hillerstr{\"{o}}m and Sam Lindley}},
title = {{Proceedings of the 1st International Workshop on Type-Driven Development}},
type = {Paper},
year = {2016}
}

@book{Chunks2,
author = {{James Chapman and Wouter Swierstra}},
title = {{Proceedings of the 1st International Workshop on Type-Driven Development}},
type = {Paper},
year = {2016}
}
